<?xml version="1.0" encoding="UTF-8"?><record xmlns="http://www.loc.gov/MARC21/slim" xmlns:cinclude="http://apache.org/cocoon/include/1.0" xmlns:zs="http://www.loc.gov/zing/srw/">
  <leader>00501nz  a2200145n  4500</leader>
  <controlfield tag="001">no2011151891</controlfield>
  <controlfield tag="003">DLC</controlfield>
  <controlfield tag="005">20111003084710.0</controlfield>
  <controlfield tag="008">110929n| acannaabn          |a aaa     c</controlfield>
  <datafield tag="010" ind1=" " ind2=" ">
    <subfield code="a">no2011151891</subfield>
  </datafield>
  <datafield tag="035" ind1=" " ind2=" ">
    <subfield code="a">(OCoLC)oca08991893</subfield>
  </datafield>
  <datafield tag="040" ind1=" " ind2=" ">
    <subfield code="a">FMFIU</subfield>
    <subfield code="b">eng</subfield>
    <subfield code="c">FMFIU</subfield>
  </datafield>
  <datafield tag="100" ind1="1" ind2=" ">
    <subfield code="a">Villegas Aguilar, Pedro Julio,</subfield>
    <subfield code="d">1971-</subfield>
  </datafield>
  <datafield tag="400" ind1="1" ind2=" ">
    <subfield code="a">Aguilar, Pedro Julio Villegas,</subfield>
    <subfield code="d">1971-</subfield>
  </datafield>
  <datafield tag="670" ind1=" " ind2=" ">
    <subfield code="a">Las ciencias exactas y naturales en Cuba, 2010:</subfield>
    <subfield code="b">t.p. (Pedro Julio Villegas Aguilar) p. facing t.p. (b. Santa Clara [Cuba], 1971)</subfield>
  </datafield>
</record>